@article{Sun_2020,
	doi = {10.1088/1674-4527/20/4/46},
	url = {https://doi.org/10.1088%2F1674-4527%2F20%2F4%2F46},
	year = 2020,
	month = {apr},
	publisher = {{IOP} Publishing},
	volume = {20},
	number = {4},
	pages = {046},
	author = {Shuang-Peng Sun and Shi-Hong Liao and Qi Guo and Qiao Wang and Liang Gao},
	title = {{HIKER}: a halo-finding method based on kernel-shift algorithm},
	journal = {Research in Astronomy and Astrophysics},
	abstract = {We introduce a new halo/subhalo finder, HIKER (a Halo fInder based on KERnel-shift algorithm), which takes advantage of a machine learning method – the mean-shift algorithm combined with the Plummer kernel function, to effectively locate density peaks corresponding to halos/subhalos in density field. Based on these density peaks, dark matter halos are identified as spherical overdensity structures, and subhalos are bound substructures with boundaries at their tidal radius. By testing HIKER code with mock halos, we show that HIKER performs excellently in recovering input halo properties. In particular, HIKER has higher accuracy in locating halo/subhalo centres than most halo finders. With cosmological simulations, we further show that HIKER reproduces the abundance of dark matter halos and subhalos quite accurately, and the HIKER halo/subhalo mass functions and V
max functions are in good agreement with two widely used halo finders, SUBFIND and AHF.}
}
%===================================================================================================
%===================================================================================================
@ARTICLE{2020arXiv200805001P,
       author = {{Petulante}, Abigail and {Berlind}, Andreas A. and
         {Holley-Bockelmann}, J. Kelly and {Sinha}, Manodeep},
        title = "{Machine Learning the Fates of Dark Matter Subhalos: A Fuzzy Crystal Ball}",
      journal = {arXiv e-prints},
     keywords = {Astrophysics - Astrophysics of Galaxies},
         year = 2020,
        month = aug,
          eid = {arXiv:2008.05001},
        pages = {arXiv:2008.05001},
archivePrefix = {arXiv},
       eprint = {2008.05001},
 primaryClass = {astro-ph.GA},
       adsurl = {https://ui.adsabs.harvard.edu/abs/2020arXiv200805001P},
      adsnote = {Provided by the SAO/NASA Astrophysics Data System}
}

%===================================================================================================
%===================================================================================================
@ARTICLE{2020MNRAS.495.1311T,
       author = {{Tsizh}, Maksym and {Novosyadlyj}, Bohdan and {Holovatch}, Yurij and
         {Libeskind}, Noam I.},
        title = "{Large-scale structures in the {\ensuremath{\Lambda}}CDM Universe: network analysis and machine learning}",
      journal = {\mnras},
     keywords = {software: data analysis, dark matter, large-scale structure of Universe, Astrophysics - Cosmology and Nongalactic Astrophysics},
         year = 2020,
        month = apr,
       volume = {495},
       number = {1},
        pages = {1311-1320},
          doi = {10.1093/mnras/staa1030},
archivePrefix = {arXiv},
       eprint = {1910.07868},
 primaryClass = {astro-ph.CO},
       adsurl = {https://ui.adsabs.harvard.edu/abs/2020MNRAS.495.1311T},
      adsnote = {Provided by the SAO/NASA Astrophysics Data System}
}

%===================================================================================================
%===================================================================================================

@ARTICLE{1985ApJ...292..371D,
       author = {{Davis}, M. and {Efstathiou}, G. and {Frenk}, C.~S. and
         {White}, S.~D.~M.},
        title = "{The evolution of large-scale structure in a universe dominated by cold dark matter}",
      journal = {\apj},
     keywords = {Computational Astrophysics, Cosmology, Galactic Clusters, Galactic Evolution, Missing Mass (Astrophysics), Weak Interactions (Field Theory), Astronomical Models, Computerized Simulation, Correlation, Many Body Problem, Mass Distribution, Mass To Light Ratios, Matter (Physics), Radial Velocity, Red Shift, Astrophysics},
         year = 1985,
        month = may,
       volume = {292},
        pages = {371-394},
          doi = {10.1086/163168},
       adsurl = {https://ui.adsabs.harvard.edu/abs/1985ApJ...292..371D},
      adsnote = {Provided by the SAO/NASA Astrophysics Data System}
}
%Se busco el FoF,
%===================================================================================================
%===================================================================================================

@ARTICLE{2018MNRAS.479.3405L,
       author = {{Lucie-Smith}, Luisa and {Peiris}, Hiranya V. and {Pontzen}, Andrew and
         {Lochner}, Michelle},
        title = "{Machine learning cosmological structure formation}",
      journal = {\mnras},
     keywords = {methods: statistical, galaxies: haloes, dark matter, large-scale structure of Universe, Astrophysics - Cosmology and Nongalactic Astrophysics, Astrophysics - Instrumentation and Methods for Astrophysics},
         year = 2018,
        month = sep,
       volume = {479},
       number = {3},
        pages = {3405-3414},
          doi = {10.1093/mnras/sty1719},
archivePrefix = {arXiv},
       eprint = {1802.04271},
 primaryClass = {astro-ph.CO},
       adsurl = {https://ui.adsabs.harvard.edu/abs/2018MNRAS.479.3405L},
      adsnote = {Provided by the SAO/NASA Astrophysics Data System}
}

%===================================================================================================
%===================================================================================================
@ARTICLE{2018MNRAS.473.1195L,
       author = {{Libeskind}, Noam I. and {van de Weygaert}, Rien and {Cautun}, Marius and
         {Falck}, Bridget and {Tempel}, Elmo and {Abel}, Tom and
         {Alpaslan}, Mehmet and {Arag{\'o}n-Calvo}, Miguel A. and
         {Forero-Romero}, Jaime E. and {Gonzalez}, Roberto and
         {Gottl{\"o}ber}, Stefan and {Hahn}, Oliver and {Hellwing}, Wojciech A. and
         {Hoffman}, Yehuda and {Jones}, Bernard J.~T. and {Kitaura}, Francisco and
         {Knebe}, Alexander and {Manti}, Serena and {Neyrinck}, Mark and
         {Nuza}, Sebasti{\'a}n E. and {Padilla}, Nelson and {Platen}, Erwin and
         {Ramachandra}, Nesar and {Robotham}, Aaron and {Saar}, Enn and {Shand
        arin}, Sergei and {Steinmetz}, Matthias and {Stoica}, Radu S. and
         {Sousbie}, Thierry and {Yepes}, Gustavo},
        title = "{Tracing the cosmic web}",
      journal = {\mnras},
     keywords = {methods: data analysis, dark matter, large-scale structure of the Universe, cosmology: theory, Astrophysics - Cosmology and Nongalactic Astrophysics},
         year = 2018,
        month = jan,
       volume = {473},
       number = {1},
        pages = {1195-1217},
          doi = {10.1093/mnras/stx1976},
archivePrefix = {arXiv},
       eprint = {1705.03021},
 primaryClass = {astro-ph.CO},
       adsurl = {https://ui.adsabs.harvard.edu/abs/2018MNRAS.473.1195L},
      adsnote = {Provided by the SAO/NASA Astrophysics Data System}
}

%===================================================================================================
%===================================================================================================
@article{10.1093/mnras/189.2.203,
    author = {Efstathiou, George and Fall, S. Michael and Hogan, Craig},
    title = "{Self-similar gravitational clustering}",
    journal = {Monthly Notices of the Royal Astronomical Society},
    volume = {189},
    number = {2},
    pages = {203-220},
    year = {1979},
    month = {11},
    abstract = "{We consider the evolution of gravitational clustering and derive several new scaling relations for the multiplicity function. These include generalizations of the Press–Schechter theory to different densities and cosmological parameters. We then test the theory against multiplicity function and correlation function estimates for a series of 1000-body experiments. The results are consistent with the theory and show some dependence on initial conditions and cosmological density parameter. The statistical significance of the results, however, is fairly low because of several small number effects in the experiments. There is no evidence for a non-linear bootstrap effect or a dependence of the multiplicity function on the internal dynamics of condensed groups. Empirical estimates of the multiplicity function by Gott and Turner have a feature near the characteristic luminosity predicted by the theory. The scaling relations allow us to infer from estimates of the galaxy luminosity function that galaxies must have suffered considerable dissipation if they originally formed from a self-similar hierarchy. We also develop a method for relating the multiplicity function to similar measures of clustering, such as those of Bhavsar, for the distribution of galaxies on the sky. These are shown to depend on the luminosity function in a complicated way.}",
    issn = {0035-8711},
    doi = {10.1093/mnras/189.2.203},
    url = {https://doi.org/10.1093/mnras/189.2.203},
    eprint = {https://academic.oup.com/mnras/article-pdf/189/2/203/2830905/mnras189-0203.pdf},
}
%POSIBLE NACIMIENTO DEL FoF Salio del 1985ApJ...292..371D en la busqueda del FoF

%===================================================================================================
%===================================================================================================

@ARTICLE{2018A&C....25..159C,
       author = {{Creasey}, P.},
        title = "{Tree-less 3d friends-of-friends using spatial hashing}",
      journal = {Astronomy and Computing},
     keywords = {Methods: N-body simulations, Methods: Data analysis, Cosmology: Dark matter, Cosmology: Large-scale structure of universe, Methods numerical, Astrophysics - Cosmology and Nongalactic Astrophysics},
         year = 2018,
        month = oct,
       volume = {25},
        pages = {159-167},
          doi = {10.1016/j.ascom.2018.09.010},
archivePrefix = {arXiv},
       eprint = {1805.04911},
 primaryClass = {astro-ph.CO},
       adsurl = {https://ui.adsabs.harvard.edu/abs/2018A&C....25..159C},
      adsnote = {Provided by the SAO/NASA Astrophysics Data System}
}

%===================================================================================================
%===================================================================================================
@ARTICLE{2017A&C....20...44F,
       author = {{Feng}, Y. and {Modi}, C.},
        title = "{A fast algorithm for identifying friends-of-friends halos}",
      journal = {Astronomy and Computing},
     keywords = {Cosmology, Halo, Simulation, Algorithm, Feature identification, Astrophysics - Instrumentation and Methods for Astrophysics, Computer Science - Data Structures and Algorithms},
         year = 2017,
        month = jul,
       volume = {20},
        pages = {44-51},
          doi = {10.1016/j.ascom.2017.05.004},
archivePrefix = {arXiv},
       eprint = {1607.03224},
 primaryClass = {astro-ph.IM},
       adsurl = {https://ui.adsabs.harvard.edu/abs/2017A&C....20...44F},
      adsnote = {Provided by the SAO/NASA Astrophysics Data System}
}

%===================================================================================================
%===================================================================================================
@phdthesis{roldan2001evolution,
  title={The Evolution of dark matter substructure},
  author={Roldan, Carlos Antonio Calcaneo},
  year={2001},
  school={Durham University}
}

%===================================================================================================
%===================================================================================================
@INPROCEEDINGS{1988IAUS..130..409A,
       author = {{Aaronson}, M. and {Olszewski}, E.~W.},
        title = "{Dark Matter in Dwarf Galaxies}",
    booktitle = {Large Scale Structures of the Universe},
         year = 1988,
       editor = {{Audouze}, J. and {Pelletan}, M. -C. and {Szalay}, A. and {Zel'dovich}, Ya. B. and {Peebles}, P.~J.~E.},
       volume = {130},
        month = jan,
        pages = {409},
       adsurl = {https://ui.adsabs.harvard.edu/abs/1988IAUS..130..409A},
      adsnote = {Provided by the SAO/NASA Astrophysics Data System}
}
%===================================================================================================
%===================================================================================================
@ARTICLE{2013ApJS..208...20B,
       author = {{Bennett}, C.~L. and {Larson}, D. and {Weiland}, J.~L. and {Jarosik}, N. and {Hinshaw}, G. and {Odegard}, N. and {Smith}, K.~M. and {Hill}, R.~S. and {Gold}, B. and {Halpern}, M. and {Komatsu}, E. and {Nolta}, M.~R. and {Page}, L. and {Spergel}, D.~N. and {Wollack}, E. and {Dunkley}, J. and {Kogut}, A. and {Limon}, M. and {Meyer}, S.~S. and {Tucker}, G.~S. and {Wright}, E.~L.},
        title = "{Nine-year Wilkinson Microwave Anisotropy Probe (WMAP) Observations: Final Maps and Results}",
      journal = {\apjs},
     keywords = {cosmic background radiation, cosmology: observations, dark matter, early universe, instrumentation: detectors, space vehicles, space vehicles: instruments, telescopes, Astrophysics - Cosmology and Nongalactic Astrophysics},
         year = 2013,
        month = oct,
       volume = {208},
       number = {2},
          eid = {20},
        pages = {20},
          doi = {10.1088/0067-0049/208/2/20},
archivePrefix = {arXiv},
       eprint = {1212.5225},
 primaryClass = {astro-ph.CO},
       adsurl = {https://ui.adsabs.harvard.edu/abs/2013ApJS..208...20B},
      adsnote = {Provided by the SAO/NASA Astrophysics Data System}
}
%===================================================================================================
%===================================================================================================
@ARTICLE{2020A&A...641A...1P,
       author = {{Planck Collaboration} and {Aghanim}, N. and {Akrami}, Y. and {Arroja}, F. and {Ashdown}, M. and {Aumont}, J. and {Baccigalupi}, C. and {Ballardini}, M. and {Banday}, A.~J. and {Barreiro}, R.~B. and {Bartolo}, N. and {Basak}, S. and {Battye}, R. and {Benabed}, K. and {Bernard}, J. -P. and {Bersanelli}, M. and {Bielewicz}, P. and {Bock}, J.~J. and {Bond}, J.~R. and {Borrill}, J. and {Bouchet}, F.~R. and {Boulanger}, F. and {Bucher}, M. and {Burigana}, C. and {Butler}, R.~C. and {Calabrese}, E. and {Cardoso}, J. -F. and {Carron}, J. and {Casaponsa}, B. and {Challinor}, A. and {Chiang}, H.~C. and {Colombo}, L.~P.~L. and {Combet}, C. and {Contreras}, D. and {Crill}, B.~P. and {Cuttaia}, F. and {de Bernardis}, P. and {de Zotti}, G. and {Delabrouille}, J. and {Delouis}, J. -M. and {D{\'e}sert}, F. -X. and {Di Valentino}, E. and {Dickinson}, C. and {Diego}, J.~M. and {Donzelli}, S. and {Dor{\'e}}, O. and {Douspis}, M. and {Ducout}, A. and {Dupac}, X. and {Efstathiou}, G. and {Elsner}, F. and {En{\ss}lin}, T.~A. and {Eriksen}, H.~K. and {Falgarone}, E. and {Fantaye}, Y. and {Fergusson}, J. and {Fernandez-Cobos}, R. and {Finelli}, F. and {Forastieri}, F. and {Frailis}, M. and {Franceschi}, E. and {Frolov}, A. and {Galeotta}, S. and {Galli}, S. and {Ganga}, K. and {G{\'e}nova-Santos}, R.~T. and {Gerbino}, M. and {Ghosh}, T. and {Gonz{\'a}lez-Nuevo}, J. and {G{\'o}rski}, K.~M. and {Gratton}, S. and {Gruppuso}, A. and {Gudmundsson}, J.~E. and {Hamann}, J. and {Handley}, W. and {Hansen}, F.~K. and {Helou}, G. and {Herranz}, D. and {Hildebrandt}, S.~R. and {Hivon}, E. and {Huang}, Z. and {Jaffe}, A.~H. and {Jones}, W.~C. and {Karakci}, A. and {Keih{\"a}nen}, E. and {Keskitalo}, R. and {Kiiveri}, K. and {Kim}, J. and {Kisner}, T.~S. and {Knox}, L. and {Krachmalnicoff}, N. and {Kunz}, M. and {Kurki-Suonio}, H. and {Lagache}, G. and {Lamarre}, J. -M. and {Langer}, M. and {Lasenby}, A. and {Lattanzi}, M. and {Lawrence}, C.~R. and {Le Jeune}, M. and {Leahy}, J.~P. and {Lesgourgues}, J. and {Levrier}, F. and {Lewis}, A. and {Liguori}, M. and {Lilje}, P.~B. and {Lilley}, M. and {Lindholm}, V. and {L{\'o}pez-Caniego}, M. and {Lubin}, P.~M. and {Ma}, Y. -Z. and {Mac{\'\i}as-P{\'e}rez}, J.~F. and {Maggio}, G. and {Maino}, D. and {Mandolesi}, N. and {Mangilli}, A. and {Marcos-Caballero}, A. and {Maris}, M. and {Martin}, P.~G. and {Martinelli}, M. and {Mart{\'\i}nez-Gonz{\'a}lez}, E. and {Matarrese}, S. and {Mauri}, N. and {McEwen}, J.~D. and {Meerburg}, P.~D. and {Meinhold}, P.~R. and {Melchiorri}, A. and {Mennella}, A. and {Migliaccio}, M. and {Millea}, M. and {Mitra}, S. and {Miville-Desch{\^e}nes}, M. -A. and {Molinari}, D. and {Moneti}, A. and {Montier}, L. and {Morgante}, G. and {Moss}, A. and {Mottet}, S. and {M{\"u}nchmeyer}, M. and {Natoli}, P. and {N{\o}rgaard-Nielsen}, H.~U. and {Oxborrow}, C.~A. and {Pagano}, L. and {Paoletti}, D. and {Partridge}, B. and {Patanchon}, G. and {Pearson}, T.~J. and {Peel}, M. and {Peiris}, H.~V. and {Perrotta}, F. and {Pettorino}, V. and {Piacentini}, F. and {Polastri}, L. and {Polenta}, G. and {Puget}, J. -L. and {Rachen}, J.~P. and {Reinecke}, M. and {Remazeilles}, M. and {Renault}, C. and {Renzi}, A. and {Rocha}, G. and {Rosset}, C. and {Roudier}, G. and {Rubi{\~n}o-Mart{\'\i}n}, J.~A. and {Ruiz-Granados}, B. and {Salvati}, L. and {Sandri}, M. and {Savelainen}, M. and {Scott}, D. and {Shellard}, E.~P.~S. and {Shiraishi}, M. and {Sirignano}, C. and {Sirri}, G. and {Spencer}, L.~D. and {Sunyaev}, R. and {Suur-Uski}, A. -S. and {Tauber}, J.~A. and {Tavagnacco}, D. and {Tenti}, M. and {Terenzi}, L. and {Toffolatti}, L. and {Tomasi}, M. and {Trombetti}, T. and {Valiviita}, J. and {Van Tent}, B. and {Vibert}, L. and {Vielva}, P. and {Villa}, F. and {Vittorio}, N. and {Wandelt}, B.~D. and {Wehus}, I.~K. and {White}, M. and {White}, S.~D.~M. and {Zacchei}, A. and {Zonca}, A.},
        title = "{Planck 2018 results. I. Overview and the cosmological legacy of Planck}",
      journal = {\aap},
     keywords = {cosmology: observations, cosmology: theory, cosmic background radiation, surveys, Astrophysics - Cosmology and Nongalactic Astrophysics},
         year = 2020,
        month = sep,
       volume = {641},
          eid = {A1},
        pages = {A1},
          doi = {10.1051/0004-6361/201833880},
archivePrefix = {arXiv},
       eprint = {1807.06205},
 primaryClass = {astro-ph.CO},
       adsurl = {https://ui.adsabs.harvard.edu/abs/2020A&A...641A...1P},
      adsnote = {Provided by the SAO/NASA Astrophysics Data System}
}
%===================================================================================================
%===================================================================================================
@ARTICLE{1999ApJ...517..565P,
       author = {{Perlmutter}, S. and {Aldering}, G. and {Goldhaber}, G. and {Knop}, R.~A. and {Nugent}, P. and {Castro}, P.~G. and {Deustua}, S. and {Fabbro}, S. and {Goobar}, A. and {Groom}, D.~E. and {Hook}, I.~M. and {Kim}, A.~G. and {Kim}, M.~Y. and {Lee}, J.~C. and {Nunes}, N.~J. and {Pain}, R. and {Pennypacker}, C.~R. and {Quimby}, R. and {Lidman}, C. and {Ellis}, R.~S. and {Irwin}, M. and {McMahon}, R.~G. and {Ruiz-Lapuente}, P. and {Walton}, N. and {Schaefer}, B. and {Boyle}, B.~J. and {Filippenko}, A.~V. and {Matheson}, T. and {Fruchter}, A.~S. and {Panagia}, N. and {Newberg}, H.~J.~M. and {Couch}, W.~J. and {Project}, The Supernova Cosmology},
        title = "{Measurements of {\ensuremath{\Omega}} and {\ensuremath{\Lambda}} from 42 High-Redshift Supernovae}",
      journal = {\apj},
     keywords = {COSMOLOGY: OBSERVATIONS, COSMOLOGY: DISTANCE SCALE, STARS: SUPERNOVAE: GENERAL, Cosmology: Observations, Cosmology: Distance Scale, Stars: Supernovae: General, Astrophysics, High Energy Physics - Experiment, High Energy Physics - Phenomenology},
         year = 1999,
        month = jun,
       volume = {517},
       number = {2},
        pages = {565-586},
          doi = {10.1086/307221},
archivePrefix = {arXiv},
       eprint = {astro-ph/9812133},
 primaryClass = {astro-ph},
       adsurl = {https://ui.adsabs.harvard.edu/abs/1999ApJ...517..565P},
      adsnote = {Provided by the SAO/NASA Astrophysics Data System}
}
%===================================================================================================
%===================================================================================================
@ARTICLE{2006ApJ...644....1C,
       author = {{Conley}, A. and {Goldhaber}, G. and {Wang}, L. and {Aldering}, G. and {Amanullah}, R. and {Commins}, E.~D. and {Fadeyev}, V. and {Folatelli}, G. and {Garavini}, G. and {Gibbons}, R. and {Goobar}, A. and {Groom}, D.~E. and {Hook}, I. and {Howell}, D.~A. and {Kim}, A.~G. and {Knop}, R.~A. and {Kowalski}, M. and {Kuznetsova}, N. and {Lidman}, C. and {Nobili}, S. and {Nugent}, P.~E. and {Pain}, R. and {Perlmutter}, S. and {Smith}, E. and {Spadafora}, A.~L. and {Stanishev}, V. and {Strovink}, M. and {Thomas}, R.~C. and {Wood-Vasey}, W.~M. and {Supernova Cosmology Project}},
        title = "{Measurement of {\ensuremath{\Omega}}$_{m}$, {\ensuremath{\Omega}}$_{{\ensuremath{\Lambda}}}$ from a Blind Analysis of Type Ia Supernovae with CMAGIC: Using Color Information to Verify the Acceleration of the Universe}",
      journal = {\apj},
     keywords = {Cosmology: Cosmological Parameters, Cosmology: Observations, Stars: Supernovae: General, Astrophysics},
         year = 2006,
        month = jun,
       volume = {644},
       number = {1},
        pages = {1-20},
          doi = {10.1086/503533},
archivePrefix = {arXiv},
       eprint = {astro-ph/0602411},
 primaryClass = {astro-ph},
       adsurl = {https://ui.adsabs.harvard.edu/abs/2006ApJ...644....1C},
      adsnote = {Provided by the SAO/NASA Astrophysics Data System}
}




%===================================================================================================
%===================================================================================================
@ARTICLE{2013PASA...30...52C,
       author = {{Croton}, Darren J.},
        title = "{Damn You, Little h! (Or, Real-World Applications of the Hubble Constant Using Observed and Simulated Data)}",
      journal = {\pasa},
     keywords = {cosmology, galaxies, methods: observational, Astrophysics - Cosmology and Nongalactic Astrophysics, Astrophysics - Instrumentation and Methods for Astrophysics},
         year = 2013,
        month = oct,
       volume = {30},
          eid = {e052},
        pages = {e052},
          doi = {10.1017/pasa.2013.31},
archivePrefix = {arXiv},
       eprint = {1308.4150},
 primaryClass = {astro-ph.CO},
       adsurl = {https://ui.adsabs.harvard.edu/abs/2013PASA...30...52C},
      adsnote = {Provided by the SAO/NASA Astrophysics Data System}
}


%===================================================================================================
%===================================================================================================
@ARTICLE{1999PhRvL..82.4176B,
       author = {{Burles}, Scott and {Nollett}, Kenneth M. and {Truran}, James W. and {Turner}, Michael S.},
        title = "{Sharpening the Predictions of Big-Bang Nucleosynthesis}",
      journal = {\prl},
     keywords = {Astrophysics, High Energy Physics - Phenomenology},
         year = 1999,
        month = may,
       volume = {82},
       number = {21},
        pages = {4176-4179},
          doi = {10.1103/PhysRevLett.82.4176},
archivePrefix = {arXiv},
       eprint = {astro-ph/9901157},
 primaryClass = {astro-ph},
       adsurl = {https://ui.adsabs.harvard.edu/abs/1999PhRvL..82.4176B},
      adsnote = {Provided by the SAO/NASA Astrophysics Data System}
}

%===================================================================================================
%===================================================================================================
@INPROCEEDINGS{1999ASPC..165..431T,
       author = {{Turner}, Michael S.},
        title = "{Dark Matter and Dark Energy in the Universe}",
     keywords = {Astrophysics, High Energy Physics - Phenomenology},
    booktitle = {The Third Stromlo Symposium: The Galactic Halo},
         year = 1999,
       editor = {{Gibson}, Brad K. and {Axelrod}, Rim S. and {Putman}, Mary E.},
       series = {Astronomical Society of the Pacific Conference Series},
       volume = {165},
        month = jan,
        pages = {431},
archivePrefix = {arXiv},
       eprint = {astro-ph/9811454},
 primaryClass = {astro-ph},
       adsurl = {https://ui.adsabs.harvard.edu/abs/1999ASPC..165..431T},
      adsnote = {Provided by the SAO/NASA Astrophysics Data System}
}


%===================================================================================================
%===================================================================================================
@ARTICLE{2001ApJ...552L...1B,
       author = {{Burles}, Scott and {Nollett}, Kenneth M. and {Turner}, Michael S.},
        title = "{Big Bang Nucleosynthesis Predictions for Precision Cosmology}",
      journal = {\apjl},
     keywords = {Cosmology: Theory, Nuclear Reactions, Nucleosynthesis, Abundances, Astrophysics},
         year = 2001,
        month = may,
       volume = {552},
       number = {1},
        pages = {L1-L5},
          doi = {10.1086/320251},
archivePrefix = {arXiv},
       eprint = {astro-ph/0010171},
 primaryClass = {astro-ph},
       adsurl = {https://ui.adsabs.harvard.edu/abs/2001ApJ...552L...1B},
      adsnote = {Provided by the SAO/NASA Astrophysics Data System}
}


%===================================================================================================
%===================================================================================================
@ARTICLE{2001ApJ...549..669H,
       author = {{Hu}, Wayne and {Fukugita}, Masataka and {Zaldarriaga}, Matias and {Tegmark}, Max},
        title = "{Cosmic Microwave Background Observables and Their Cosmological Implications}",
      journal = {\apj},
     keywords = {Cosmology: Cosmic Microwave Background, Cosmology: Theory, Astrophysics},
         year = 2001,
        month = mar,
       volume = {549},
       number = {2},
        pages = {669-680},
          doi = {10.1086/319449},
archivePrefix = {arXiv},
       eprint = {astro-ph/0006436},
 primaryClass = {astro-ph},
       adsurl = {https://ui.adsabs.harvard.edu/abs/2001ApJ...549..669H},
      adsnote = {Provided by the SAO/NASA Astrophysics Data System}
}




%===================================================================================================
%===================================================================================================
@ARTICLE{1998ApJ...507...46S,
       author = {{Schmidt}, Brian P. and {Suntzeff}, Nicholas B. and {Phillips}, M.~M. and {Schommer}, Robert A. and {Clocchiatti}, Alejandro and {Kirshner}, Robert P. and {Garnavich}, Peter and {Challis}, Peter and {Leibundgut}, B. and {Spyromilio}, J. and {Riess}, Adam G. and {Filippenko}, Alexei V. and {Hamuy}, Mario and {Smith}, R. Chris and {Hogan}, Craig and {Stubbs}, Christopher and {Diercks}, Alan and {Reiss}, David and {Gilliland}, Ron and {Tonry}, John and {Maza}, Jos{\'e} and {Dressler}, A. and {Walsh}, J. and {Ciardullo}, R.},
        title = "{The High-Z Supernova Search: Measuring Cosmic Deceleration and Global Curvature of the Universe Using Type IA Supernovae}",
      journal = {\apj},
     keywords = {COSMOLOGY: OBSERVATIONS, GALAXIES: DISTANCES AND REDSHIFTS, STARS: SUPERNOVAE: GENERAL, STARS: SUPERNOVAE: INDIVIDUAL: ALPHANUMERIC: SN 1995K, Cosmology: Observations, Galaxies: Distances and Redshifts, Stars: Supernovae: General, Stars: Supernovae: Individual: Alphanumeric: SN 1995K, Astrophysics},
         year = 1998,
        month = nov,
       volume = {507},
       number = {1},
        pages = {46-63},
          doi = {10.1086/306308},
archivePrefix = {arXiv},
       eprint = {astro-ph/9805200},
 primaryClass = {astro-ph},
       adsurl = {https://ui.adsabs.harvard.edu/abs/1998ApJ...507...46S},
      adsnote = {Provided by the SAO/NASA Astrophysics Data System}
}



%===================================================================================================
%===================================================================================================
@ARTICLE{1998Natur.391...51P,
       author = {{Perlmutter}, S. and {Aldering}, G. and {della Valle}, M. and {Deustua}, S. and {Ellis}, R.~S. and {Fabbro}, S. and {Fruchter}, A. and {Goldhaber}, G. and {Groom}, D.~E. and {Hook}, I.~M. and {Kim}, A.~G. and {Kim}, M.~Y. and {Knop}, R.~A. and {Lidman}, C. and {McMahon}, R.~G. and {Nugent}, P. and {Pain}, R. and {Panagia}, N. and {Pennypacker}, C.~R. and {Ruiz-Lapuente}, P. and {Schaefer}, B. and {Walton}, N.},
        title = "{Discovery of a supernova explosion at half the age of the Universe}",
      journal = {\nat},
     keywords = {Supernovae, Cosmology, Density (Mass/Volume), Universe, Red Shift, Distance, Astronomical Photometry, Astronomical Spectroscopy, Astrophysics, Astrophysics},
         year = 1998,
        month = jan,
       volume = {391},
       number = {6662},
        pages = {51-54},
          doi = {10.1038/34124},
archivePrefix = {arXiv},
       eprint = {astro-ph/9712212},
 primaryClass = {astro-ph},
       adsurl = {https://ui.adsabs.harvard.edu/abs/1998Natur.391...51P},
      adsnote = {Provided by the SAO/NASA Astrophysics Data System}
}


%===================================================================================================
%===================================================================================================
@ARTICLE{2015MNRAS.446..521S,
       author = {{Schaye}, Joop and {Crain}, Robert A. and {Bower}, Richard G. and {Furlong}, Michelle and {Schaller}, Matthieu and {Theuns}, Tom and {Dalla Vecchia}, Claudio and {Frenk}, Carlos S. and {McCarthy}, I.~G. and {Helly}, John C. and {Jenkins}, Adrian and {Rosas-Guevara}, Y.~M. and {White}, Simon D.~M. and {Baes}, Maarten and {Booth}, C.~M. and {Camps}, Peter and {Navarro}, Julio F. and {Qu}, Yan and {Rahmati}, Alireza and {Sawala}, Till and {Thomas}, Peter A. and {Trayford}, James},
        title = "{The EAGLE project: simulating the evolution and assembly of galaxies and their environments}",
      journal = {\mnras},
     keywords = {methods: numerical, galaxies: evolution, galaxies: formation, cosmology: theory, Astrophysics - Astrophysics of Galaxies, Astrophysics - Cosmology and Nongalactic Astrophysics},
         year = 2015,
        month = jan,
       volume = {446},
       number = {1},
        pages = {521-554},
          doi = {10.1093/mnras/stu2058},
archivePrefix = {arXiv},
       eprint = {1407.7040},
 primaryClass = {astro-ph.GA},
       adsurl = {https://ui.adsabs.harvard.edu/abs/2015MNRAS.446..521S},
      adsnote = {Provided by the SAO/NASA Astrophysics Data System}
}


%===================================================================================================
%===================================================================================================

@ARTICLE{2021MNRAS.506.2871S,
       author = {{Springel}, Volker and {Pakmor}, R{\"u}diger and {Zier}, Oliver and {Reinecke}, Martin},
        title = "{Simulating cosmic structure formation with the GADGET-4 code}",
      journal = {\mnras},
     keywords = {methods: numerical, galaxies: interactions, dark matter, Astrophysics - Instrumentation and Methods for Astrophysics, Astrophysics - Cosmology and Nongalactic Astrophysics},
         year = 2021,
        month = sep,
       volume = {506},
       number = {2},
        pages = {2871-2949},
          doi = {10.1093/mnras/stab1855},
archivePrefix = {arXiv},
       eprint = {2010.03567},
 primaryClass = {astro-ph.IM},
       adsurl = {https://ui.adsabs.harvard.edu/abs/2021MNRAS.506.2871S},
      adsnote = {Provided by the SAO/NASA Astrophysics Data System}
}


%===================================================================================================
%===================================================================================================
@ARTICLE{2001NewA....6...79S,
       author = {{Springel}, Volker and {Yoshida}, Naoki and {White}, Simon D.~M.},
        title = "{GADGET: a code for collisionless and gasdynamical cosmological simulations}",
      journal = {\na},
     keywords = {Astrophysics},
         year = 2001,
        month = apr,
       volume = {6},
       number = {2},
        pages = {79-117},
          doi = {10.1016/S1384-1076(01)00042-2},
archivePrefix = {arXiv},
       eprint = {astro-ph/0003162},
 primaryClass = {astro-ph},
       adsurl = {https://ui.adsabs.harvard.edu/abs/2001NewA....6...79S},
      adsnote = {Provided by the SAO/NASA Astrophysics Data System}
}



%===================================================================================================
%===================================================================================================
@ARTICLE{2015MNRAS.450.1937C,
       author = {{Crain}, Robert A. and {Schaye}, Joop and {Bower}, Richard G. and {Furlong}, Michelle and {Schaller}, Matthieu and {Theuns}, Tom and {Dalla Vecchia}, Claudio and {Frenk}, Carlos S. and {McCarthy}, Ian G. and {Helly}, John C. and {Jenkins}, Adrian and {Rosas-Guevara}, Yetli M. and {White}, Simon D.~M. and {Trayford}, James W.},
        title = "{The EAGLE simulations of galaxy formation: calibration of subgrid physics and model variations}",
      journal = {\mnras},
     keywords = {galaxies: evolution, galaxies: formation, galaxies: haloes, cosmology: theory, Astrophysics - Astrophysics of Galaxies},
         year = 2015,
        month = jun,
       volume = {450},
       number = {2},
        pages = {1937-1961},
          doi = {10.1093/mnras/stv725},
archivePrefix = {arXiv},
       eprint = {1501.01311},
 primaryClass = {astro-ph.GA},
       adsurl = {https://ui.adsabs.harvard.edu/abs/2015MNRAS.450.1937C},
      adsnote = {Provided by the SAO/NASA Astrophysics Data System}
}


%===================================================================================================
%===================================================================================================
@ARTICLE{2005Natur.435..629S,
       author = {{Springel}, Volker and {White}, Simon D.~M. and {Jenkins}, Adrian and {Frenk}, Carlos S. and {Yoshida}, Naoki and {Gao}, Liang and {Navarro}, Julio and {Thacker}, Robert and {Croton}, Darren and {Helly}, John and {Peacock}, John A. and {Cole}, Shaun and {Thomas}, Peter and {Couchman}, Hugh and {Evrard}, August and {Colberg}, J{\"o}rg and {Pearce}, Frazer},
        title = "{Simulations of the formation, evolution and clustering of galaxies and quasars}",
      journal = {\nat},
     keywords = {Astrophysics},
         year = 2005,
        month = jun,
       volume = {435},
       number = {7042},
        pages = {629-636},
          doi = {10.1038/nature03597},
archivePrefix = {arXiv},
       eprint = {astro-ph/0504097},
 primaryClass = {astro-ph},
       adsurl = {https://ui.adsabs.harvard.edu/abs/2005Natur.435..629S},
      adsnote = {Provided by the SAO/NASA Astrophysics Data System}
}



%===================================================================================================
%===================================================================================================
@ARTICLE{2011MNRAS.415.2293K,
       author = {{Knebe}, Alexander and {Knollmann}, Steffen R. and {Muldrew}, Stuart I. and {Pearce}, Frazer R. and {Aragon-Calvo}, Miguel Angel and {Ascasibar}, Yago and {Behroozi}, Peter S. and {Ceverino}, Daniel and {Colombi}, Stephane and {Diemand}, Juerg and {Dolag}, Klaus and {Falck}, Bridget L. and {Fasel}, Patricia and {Gardner}, Jeff and {Gottl{\"o}ber}, Stefan and {Hsu}, Chung-Hsing and {Iannuzzi}, Francesca and {Klypin}, Anatoly and {Luki{\'c}}, Zarija and {Maciejewski}, Michal and {McBride}, Cameron and {Neyrinck}, Mark C. and {Planelles}, Susana and {Potter}, Doug and {Quilis}, Vicent and {Rasera}, Yann and {Read}, Justin I. and {Ricker}, Paul M. and {Roy}, Fabrice and {Springel}, Volker and {Stadel}, Joachim and {Stinson}, Greg and {Sutter}, P.~M. and {Turchaninov}, Victor and {Tweed}, Dylan and {Yepes}, Gustavo and {Zemp}, Marcel},
        title = "{Haloes gone MAD: The Halo-Finder Comparison Project}",
      journal = {\mnras},
     keywords = {methods: numerical, galaxies: evolution, galaxies: haloes, cosmology: miscellaneous, cosmology: theory, dark matter, Astrophysics - Cosmology and Nongalactic Astrophysics},
         year = 2011,
        month = aug,
       volume = {415},
       number = {3},
        pages = {2293-2318},
          doi = {10.1111/j.1365-2966.2011.18858.x},
archivePrefix = {arXiv},
       eprint = {1104.0949},
 primaryClass = {astro-ph.CO},
       adsurl = {https://ui.adsabs.harvard.edu/abs/2011MNRAS.415.2293K},
      adsnote = {Provided by the SAO/NASA Astrophysics Data System}
}


%===================================================================================================
%===================================================================================================
@book{2001BookScienceCosmo,
  author         = {{Raine}, Derek and {Thomas}, Ted},
  editor         = {},
  publisher      = {CRC Press},
  title          = {An introduction to the science of cosmology},
  year           = {2001},
  isbn           = {9780750304054}
}


%===================================================================================================
%===================================================================================================
@BOOK{Binney1988-rs,
  title     = "Galactic dynamics",
  author    = "Binney, James and Tremaine, Scott",
  publisher = "Princeton University Press",
  series    = "Princeton Series in Astrophysics",
  month     =  jan,
  year      =  1988,
  address   = "Princeton, NJ",
  language  = "en"
}


%===================================================================================================
%===================================================================================================

@ARTICLE{1937ApJ....86..217Z,
       author = {{Zwicky}, F.},
        title = "{On the Masses of Nebulae and of Clusters of Nebulae}",
      journal = {\apj},
         year = 1937,
        month = oct,
       volume = {86},
        pages = {217},
          doi = {10.1086/143864},
       adsurl = {https://ui.adsabs.harvard.edu/abs/1937ApJ....86..217Z},
      adsnote = {Provided by the SAO/NASA Astrophysics Data System}
}



%===================================================================================================
%===================================================================================================



%===================================================================================================
%===================================================================================================



%===================================================================================================
%===================================================================================================
