
@ARTICLE{2009ApJ...707L.114G,
       author = {{Gillessen}, S. and {Eisenhauer}, F. and {Fritz}, T.~K. and {Bartko}, H. and {Dodds-Eden}, K. and {Pfuhl}, O. and {Ott}, T. and {Genzel}, R.},
        title = "{The Orbit of the Star S2 Around SGR A* from Very Large Telescope and Keck Data}",
      journal = {apjl},
     keywords = {astrometry, black hole physics, Galaxy: center, infrared: stars, Astrophysics - Astrophysics of Galaxies},
         year = "2009",
        month = "Dec",
       volume = {707},
       number = {2},
        pages = {L114-L117},
          doi = {10.1088/0004-637X/707/2/L114},
archivePrefix = {arXiv},
       eprint = {0910.3069},
 primaryClass = {astro-ph.GA},
       adsurl = {https://ui.adsabs.harvard.edu/abs/2009ApJ...707L.114G},
      adsnote = {Provided by the SAO/NASA Astrophysics Data System}
}


%una vez con los parametros listos escogimos simular el siguiente paper donde están solo 6 estrellas.

%2005ApJ...628..246E,

@ARTICLE{SINFONI,
       author = {{Eisenhauer}, F. and {Genzel}, R. and {Alexander}, T. and {Abuter}, R. and {Paumard}, T. and {Ott}, T. and {Gilbert}, A. and {Gillessen}, S. and {Horrobin}, M. and {Trippe}, S.},
        title = "{SINFONI in the Galactic Center: Young Stars and Infrared Flares in the Central Light-Month}",
      journal = {apj},
     keywords = {Black Hole Physics, Galaxy: Center, Galaxy: Structure, Infrared: Stars, Techniques: Spectroscopic, Astrophysics},
         year = "2005",
        month = "Jul",
       volume = {628},
       number = {1},
        pages = {246-259},
          doi = {10.1086/430667},
archivePrefix = {arXiv},
       eprint = {astro-ph/0502129},
 primaryClass = {astro-ph},
       adsurl = {https://ui.adsabs.harvard.edu/abs/2005ApJ...628..246E},
      adsnote = {Provided by the SAO/NASA Astrophysics Data System}
}
% junto con este artículo

@INPROCEEDINGS{2006JPhCS..54..288T,
       author = {{Trippe}, S. and {Gillessen}, S. and {Ott}, T. and {Eisenhauer}, F. and {Paumard}, T. and {Martins}, F. and {Genzel}, R. and {Sch{\"o}del}, R. and {Eckart}, A. and {Alexander}, T.},
        title = "{Stellar orbits around Sgr $^{A*}$}",
    booktitle = {Journal of Physics Conference Series},
         year = "2006",
       volume = {54},
        month = "Dec",
        pages = {288-292},
          doi = {10.1088/1742-6596/54/1/045},
       adsurl = {https://ui.adsabs.harvard.edu/abs/2006JPhCS..54..288T},
      adsnote = {Provided by the SAO/NASA Astrophysics Data System}
}

% Mas parametros de las estrellas s

@INPROCEEDINGS{2006JPhCS..54..199P,
       author = {{Paumard}, T. and {Genzel}, R. and {Martins}, F. and {Nayakshin}, S. and {Beloborodov}, A.~M. and {Levin}, Y. and {Trippe}, S. and {Eisenhauer}, F. and {Ott}, T. and {Gillessen}, S.},
        title = "{The two young star disks in the central parsec of the Galaxy: properties, dynamics, and formation}",
    booktitle = {Journal of Physics Conference Series},
         year = "2006",
       volume = {54},
        month = "Dec",
        pages = {199-207},
          doi = {10.1088/1742-6596/54/1/033},
       adsurl = {https://ui.adsabs.harvard.edu/abs/2006JPhCS..54..199P},
      adsnote = {Provided by the SAO/NASA Astrophysics Data System}
}

@ARTICLE{2002Natur.419..694S,
       author = {{Sch{\"o}del}, R. and {Ott}, T. and {Genzel}, R. and {Hofmann}, R. and {Lehnert}, M. and {Eckart}, A. and {Mouawad}, N. and {Alexander}, T. and {Reid}, M.~J. and {Lenzen}, R. and {Hartung}, M. and {Lacombe}, F. and {Rouan}, D. and {Gendron}, E. and {Rousset}, G. and {Lagrange}, A. -M. and {Brandner}, W. and {Ageorges}, N. and {Lidman}, C. and {Moorwood}, A.~F.~M. and {Spyromilio}, J. and {Hubin}, N. and {Menten}, K.~M.},
        title = "{A star in a 15.2-year orbit around the supermassive black hole at the centre of the Milky Way}",
      journal = {\nat},
     keywords = {Astrophysics},
         year = "2002",
        month = "Oct",
       volume = {419},
       number = {6908},
        pages = {694-696},
          doi = {10.1038/nature01121},
archivePrefix = {arXiv},
       eprint = {astro-ph/0210426},
 primaryClass = {astro-ph},
       adsurl = {https://ui.adsabs.harvard.edu/abs/2002Natur.419..694S},
      adsnote = {Provided by the SAO/NASA Astrophysics Data System}
}

%% Este artículo muestra por primera vez la orbita de S2.

@ARTICLE{2003ApJ...596.1015S,
       author = {{Sch{\"o}del}, R. and {Ott}, T. and {Genzel}, R. and {Eckart}, A. and {Mouawad}, N. and {Alexander}, T.},
        title = "{Stellar Dynamics in the Central Arcsecond of Our Galaxy}",
      journal = {apj},
     keywords = {Black Hole Physics, Galaxies: Nuclei, Galaxy: Center, Techniques: High Anular Resolution, Astrophysics},
         year = "2003",
        month = "Oct",
       volume = {596},
       number = {2},
        pages = {1015-1034},
          doi = {10.1086/378122},
archivePrefix = {arXiv},
       eprint = {astro-ph/0306214},
 primaryClass = {astro-ph},
       adsurl = {https://ui.adsabs.harvard.edu/abs/2003ApJ...596.1015S},
      adsnote = {Provided by the SAO/NASA Astrophysics Data System}
}

%Este Artículo (y el que sigue) habla sobre la dinámica del centro galáctico.
%En este y los dos que siguen se justifica el hecho de que el Agujero negro
%central domina la dinámica.

@ARTICLE{2005ApJ...625L.111S,
       author = {{Sch{\"o}del}, R. and {Eckart}, A. and {Iserlohe}, C. and {Genzel}, R. and {Ott}, T.},
        title = "{A Black Hole in the Galactic Center Complex IRS 13E?}",
      journal = {apjl},
     keywords = {Galaxy: Center, Galaxy: Nucleus, Infrared: Stars, Astrophysics},
         year = "2005",
        month = "Jun",
       volume = {625},
       number = {2},
        pages = {L111-L114},
          doi = {10.1086/431307},
archivePrefix = {arXiv},
       eprint = {astro-ph/0504474},
 primaryClass = {astro-ph},
       adsurl = {https://ui.adsabs.harvard.edu/abs/2005ApJ...625L.111S},
      adsnote = {Provided by the SAO/NASA Astrophysics Data System}
}

%Ver nota aranterior.

@ARTICLE{2005AN....326...83M,
       author = {{Mouawad}, N. and {Eckart}, A. and {Pfalzner}, S. and {Sch{\"o}del}, R. and {Moultaka}, J. and {Spurzem}, R.},
        title = "{Weighing the cusp at the Galactic Centre}",
      journal = {Astronomische Nachrichten},
     keywords = {Galaxy: centre, Galaxy: kinematics and dynamics, Galaxy: star clusters, Galaxy: central black hole, cusp, Astrophysics},
         year = "2005",
        month = "Feb",
       volume = {326},
       number = {2},
        pages = {83-95},
          doi = {10.1002/asna.200410351},
archivePrefix = {arXiv},
       eprint = {astro-ph/0402338},
 primaryClass = {astro-ph},
       adsurl = {https://ui.adsabs.harvard.edu/abs/2005AN....326...83M},
      adsnote = {Provided by the SAO/NASA Astrophysics Data System}
}

%Ver nota anterio. Además en este artículo se habla sobre la districución
%de densidad en la galaxi, modelos de perfil radial.

@ARTICLE{2004ApJ...606L..21A,
       author = {{Alexander}, Tal and {Livio}, Mario},
        title = "{Orbital Capture of Stars by a Massive Black Hole via Exchanges with Compact Remnants}",
      journal = {apjl},
     keywords = {Black Hole Physics, Galaxies: Nuclei, Stars: Kinematics, Astrophysics},
         year = "2004",
        month = "May",
       volume = {606},
       number = {1},
        pages = {L21-L24},
          doi = {10.1086/421112},
archivePrefix = {arXiv},
       eprint = {astro-ph/0403425},
 primaryClass = {astro-ph},
       adsurl = {https://ui.adsabs.harvard.edu/abs/2004ApJ...606L..21A},
      adsnote = {Provided by the SAO/NASA Astrophysics Data System}
}

% En el articulo anterior se habla sobre la llegada de las S de orbitas
% superiores, explicando su origen.

@ARTICLE{2003ApJ...590L..33L,
       author = {{Levin}, Yuri and {Beloborodov}, Andrei M.},
        title = "{Stellar Disk in the Galactic Center: A Remnant of a Dense Accretion Disk?}",
      journal = {apjl},
     keywords = {Accretion, Accretion Disks, Galaxy: Center, Stars: Formation, Astrophysics},
         year = "2003",
        month = "Jun",
       volume = {590},
       number = {1},
        pages = {L33-L36},
          doi = {10.1086/376675},
archivePrefix = {arXiv},
       eprint = {astro-ph/0303436},
 primaryClass = {astro-ph},
       adsurl = {https://ui.adsabs.harvard.edu/abs/2003ApJ...590L..33L},
      adsnote = {Provided by the SAO/NASA Astrophysics Data System}
}

% El artículo anterior habla de los distintos modelos que explican la
% Paradoja de la juventud.

@ARTICLE{2014ApJ...783..131Y,
       author = {{Yelda}, S. and {Ghez}, A.~M. and {Lu}, J.~R. and {Do}, T. and {Meyer}, L. and {Morris}, M.~R. and {Matthews}, K.},
        title = "{Properties of the Remnant Clockwise Disk of Young Stars in the Galactic Center}",
      journal = {apj},
     keywords = {astrometry, Galaxy: center, infrared: stars, techniques: high angular resolution, Astrophysics - Galaxy Astrophysics},
         year = "2014",
        month = "Mar",
       volume = {783},
       number = {2},
          eid = {131},
        pages = {131},
          doi = {10.1088/0004-637X/783/2/131},
archivePrefix = {arXiv},
       eprint = {1401.7354},
 primaryClass = {astro-ph.GA},
       adsurl = {https://ui.adsabs.harvard.edu/abs/2014ApJ...783..131Y},
      adsnote = {Provided by the SAO/NASA Astrophysics Data System}
}

% Mas reciente planteamiento de las orbitas en el centro galáctico.

@article{PhysRevD.97.124049,
  title = {Mass and spin of a Kerr black hole in modified gravity and a test of the Kerr black hole hypothesis},
  author = {Sheoran, Pankaj and Herrera-Aguilar, Alfredo and Nucamendi, Ulises},
  journal = {Phys. Rev. D},
  volume = {97},
  issue = {12},
  pages = {124049},
  numpages = {17},
  year = {2018},
  month = {Jun},
  publisher = {American Physical Society},
  doi = {10.1103/PhysRevD.97.124049},
  url = {https://link.aps.org/doi/10.1103/PhysRevD.97.124049}
}

%Paper de Luis herrera donde usan métrica de Kerr en lugar de Schwarzchild

@article{PhysRevD.92.045024,
  title = {Kerr black hole parameters in terms of the redshift/blueshift of photons emitted by geodesic particles},
  author = {Herrera-Aguilar, Alfredo and Nucamendi, Ulises},
  journal = {Phys. Rev. D},
  volume = {92},
  issue = {4},
  pages = {045024},
  numpages = {10},
  year = {2015},
  month = {Aug},
  publisher = {American Physical Society},
  doi = {10.1103/PhysRevD.92.045024},
  url = {https://link.aps.org/doi/10.1103/PhysRevD.92.045024}
}

%Ver nota de arriba. 


@ARTICLE{2009ApJ...692.1075G,
       author = {{Gillessen}, S. and {Eisenhauer}, F. and {Trippe}, S. and {Alexander}, T. and {Genzel}, R. and {Martins}, F. and {Ott}, T.},
        title = "{Monitoring Stellar Orbits Around the Massive Black Hole in the Galactic Center}",
      journal = {apj},
     keywords = {black hole physics, astrometry, Galaxy: center, infrared: stars, Astrophysics},
         year = "2009",
        month = "Feb",
       volume = {692},
       number = {2},
        pages = {1075-1109},
          doi = {10.1088/0004-637X/692/2/1075},
archivePrefix = {arXiv},
       eprint = {0810.4674},
 primaryClass = {astro-ph},
       adsurl = {https://ui.adsabs.harvard.edu/abs/2009ApJ...692.1075G},
      adsnote = {Provided by the SAO/NASA Astrophysics Data System}
}

%Este es el articulo que contiene las ajustes directamente de las observaciones
%luego lo usan en 2009ApJ...707L.114G,


@ARTICLE{2018ApJ...854...12C,
       author = {{Chu}, Devin S. and {Do}, Tuan and {Hees}, Aurelien and {Ghez}, Andrea and {Naoz}, Smadar and {Witzel}, Gunther and {Sakai}, Shoko and {Chappell}, Samantha and {Gautam}, Abhimat K. and {Lu}, Jessica R. and {Matthews}, Keith},
        title = "{Investigating the Binarity of S0-2: Implications for Its Origins and Robustness as a Probe of the Laws of Gravity around a Supermassive Black Hole}",
      journal = {apj},
     keywords = {Galaxy: center, gravitation, stars: early-type, techniques: high angular resolution, Astrophysics - Solar and Stellar Astrophysics, Astrophysics - Astrophysics of Galaxies, General Relativity and Quantum Cosmology},
         year = "2018",
        month = "Feb",
       volume = {854},
       number = {1},
          eid = {12},
        pages = {12},
          doi = {10.3847/1538-4357/aaa3eb},
archivePrefix = {arXiv},
       eprint = {1709.04890},
 primaryClass = {astro-ph.SR},
       adsurl = {https://ui.adsabs.harvard.edu/abs/2018ApJ...854...12C},
      adsnote = {Provided by the SAO/NASA Astrophysics Data System}
}

%25 años monitoreando estrellas
@ARTICLE{2017yCat..18370030G,
       author = {{Gillessen}, S. and {Plewa}, P.~M. and {Eisenhauer}, F. and {Sari}, R. and {Waisberg}, I. and {Habibi}, M. and {Pfuhl}, O. and {George}, E. and {Dexter}, J. and {von Fellenberg}, S. and {Ott}, T. and {Genzel}, R.},
        title = "{VizieR Online Data Catalog: 25yrs monitoring of stellar orbits in the GC (Gillessen+, 2017)}",
      journal = {VizieR Online Data Catalog},
     keywords = {Milky Way, Radial velocities, Photometry: infrared},
         year = "2017",
        month = "Oct",
          eid = {J/ApJ/837/30},
        pages = {J/ApJ/837/30},
       adsurl = {https://ui.adsabs.harvard.edu/abs/2017yCat..18370030G},
      adsnote = {Provided by the SAO/NASA Astrophysics Data System}
}

@ARTICLE{1997MNRAS,
       author = {{Genzel}, R. and {Eckart}, A. and {Ott}, T. and {Eisenhauer}, F.},
        title = "{On the nature of the dark mass in the centre of the Milky Way}",
      journal = {mnras},
     keywords = {BLACK HOLE PHYSICS, ASTROMETRY, CELESTIAL MECHANICS, STELLAR DYNAMICS, GALAXY: CENTRE, INFRARED: GENERAL},
         year = "1997",
        month = "Oct",
       volume = {291},
       number = {1},
        pages = {219-234},
          doi = {10.1093/mnras/291.1.219},
       adsurl = {https://ui.adsabs.harvard.edu/abs/1997MNRAS.291..219G},
      adsnote = {Provided by the SAO/NASA Astrophysics Data System}
}


@ARTICLE{2010ApJ...720.1303A,
       author = {{Ang{\'e}lil}, Raymond and {Saha}, Prasenjit and {Merritt}, David},
        title = "{Toward Relativistic Orbit Fitting of Galactic Center Stars and Pulsars}",
      journal = {apj},
     keywords = {Galaxy: nucleus, gravitation, stars: kinematics and dynamics, Astrophysics - Astrophysics of Galaxies, General Relativity and Quantum Cosmology},
         year = "2010",
        month = "Sep",
       volume = {720},
       number = {2},
        pages = {1303-1310},
          doi = {10.1088/0004-637X/720/2/1303},
archivePrefix = {arXiv},
       eprint = {1007.0007},
 primaryClass = {astro-ph.GA},
       adsurl = {https://ui.adsabs.harvard.edu/abs/2010ApJ...720.1303A},
      adsnote = {Provided by the SAO/NASA Astrophysics Data System}
}

@PHDTHESIS{2001PhDT........21S,
       author = {{Stadel}, Joachim Gerhard},
        title = "{Cosmological N-body simulations and their analysis}",
     keywords = {Physics: Astronomy and Astrophysics},
       school = {UNIVERSITY OF WASHINGTON},
         year = "2001",
        month = "Jan",
       adsurl = {https://ui.adsabs.harvard.edu/abs/2001PhDT........21S},
      adsnote = {Provided by the SAO/NASA Astrophysics Data System}
}

@BOOK{Binney,
    author    = {{Binney}, James and {Tremaine}, Scott},
    title     = {Galactic Dynamics},
    publisher = {Princenton University Press},
    edition   = {2^{nd}},
    year      = {2008},
    isbn      = {978-0-691-13027-9},
    note      = {{ISBN:} 978-0-691-13027-9}
}


@ARTICLE{2017ApJ...837...30G,
       author = {{Gillessen}, S. and {Plewa}, P.~M. and {Eisenhauer}, F. and {Sari}, R. and {Waisberg}, I. and {Habibi}, M. and {Pfuhl}, O. and {George}, E. and {Dexter}, J. and {von Fellenberg}, S. and {Ott}, T. and {Genzel}, R.},
       title = "{An Update on Monitoring Stellar Orbits in the Galactic Center}",
      journal = {apj},
     keywords = {astrometry, black hole physics, Galaxy: center, Galaxy: fundamental parameters, techniques: high angular resolution, Astrophysics - Astrophysics of Galaxies},
         year = "2017",
        month = "Mar",
       volume = {837},
       number = {1},
          eid = {30},
        pages = {30},
          doi = {10.3847/1538-4357/aa5c41},
archivePrefix = {arXiv},
       eprint = {1611.09144},
 primaryClass = {astro-ph.GA},
       adsurl = {https://ui.adsabs.harvard.edu/abs/2017ApJ...837...30G},
      adsnote = {Provided by the SAO/NASA Astrophysics Data System}
}

@BOOK{2006gere.book.....H,
       author = {{Hobson}, M.~P. and {Efstathiou}, G.~P. and {Lasenby}, A.~N.},
        title = "{General Relativity: An Introduction for Physicists}",
    publisher = {Cambridge University Press},
         year = "2006",
         isbn = {978-0-521-82951-9},
         note = {{ISBN:} 978-0-521-82951-9},
          doi = {10.2277/0521829518},
       adsurl = {https://ui.adsabs.harvard.edu/abs/2006gere.book.....H},
      adsnote = {Provided by the SAO/NASA Astrophysics Data System}
}

@ARTICLE{2008ApJ...672L.119M,
       author = {{Martins}, F. and {Gillessen}, S. and {Eisenhauer}, F. and {Genzel}, R. and
         {Ott}, T. and {Trippe}, S.},
        title = "{On the Nature of the Fast-Moving Star S2 in the Galactic Center}",
      journal = {apjl},
     keywords = {Galaxy: center, stars: early-type, stars: fundamental parameters, Astrophysics},
         year = "2008",
        month = "Jan",
       volume = {672},
       number = {2},
        pages = {L119},
          doi = {10.1086/526768},
archivePrefix = {arXiv},
       eprint = {0711.3344},
 primaryClass = {astro-ph},
       adsurl = {https://ui.adsabs.harvard.edu/abs/2008ApJ...672L.119M},
      adsnote = {Provided by the SAO/NASA Astrophysics Data System}
}


@ARTICLE{2010MNRAS.409.1146G,
       author = {{Gualandris}, A. and {Gillessen}, S. and {Merritt}, D.},
        title = "{The Galactic Centre star S2 as a dynamical probe for intermediate-mass black holes}",
      journal = {mnras},
     keywords = {black hole physics, methods: numerical, stars: kinematics and dynamics, Galaxy: centre, Astrophysics - Astrophysics of Galaxies},
         year = "2010",
        month = "Dec",
       volume = {409},
       number = {3},
        pages = {1146-1154},
          doi = {10.1111/j.1365-2966.2010.17373.x},
archivePrefix = {arXiv},
       eprint = {1006.3563},
 primaryClass = {astro-ph.GA},
       adsurl = {https://ui.adsabs.harvard.edu/abs/2010MNRAS.409.1146G},
      adsnote = {Provided by the SAO/NASA Astrophysics Data System}
}

@article{refId0,
	author = {{GRAVITY Collaboration} and {Abuter, R.} and {Amorim, A.} and {Baub\"ock, M.} and {Berger, J. P.} and {Bonnet, H.} and {Brandner, W.} and {Cardoso, V.} and {Cl\'enet, Y.} and {de Zeeuw, P. T.} and {Dexter, J.} and {Eckart, A.} and {Eisenhauer, F.} and {F\"orster Schreiber, N. M.} and {Garcia, P.} and {Gao, F.} and {Gendron, E.} and {Genzel, R.} and {Gillessen, S.} and {Habibi, M.} and {Haubois, X.} and {Henning, T.} and {Hippler, S.} and {Horrobin, M.} and {Jim\'enez-Rosales, A.} and {Jochum, L.} and {Jocou, L.} and {Kaufer, A.} and {Kervella, P.} and {Lacour, S.} and {Lapeyr\`ere, V.} and {Le Bouquin, J.-B.} and {L\'ena, P.} and {Nowak, M.} and {Ott, T.} and {Paumard, T.} and {Perraut, K.} and {Perrin, G.} and {Pfuhl, O.} and {Rodr\'{\i}guez-Coira, G.} and {Shangguan, J.} and {Scheithauer, S.} and {Stadler, J.} and {Straub, O.} and {Straubmeier, C.} and {Sturm, E.} and {Tacconi, L. J.} and {Vincent, F.} and {von Fellenberg, S.} and {Waisberg, I.} and {Widmann, F.} and {Wieprecht, E.} and {Wiezorrek, E.} and {Woillez, J.} and {Yazici, S.} and {Zins, G.}},
	title = {Detection of the Schwarzschild precession in the orbit of the star S2 near the Galactic centre massive black hole},
	DOI= "10.1051/0004-6361/202037813",
	url= "https://doi.org/10.1051/0004-6361/202037813",
	journal = {A\&A},
	year = 2020,
	volume = 636,
	pages = "L5"
}

@book{Schutz,
  title={A First Course in General Relativity},
  author={Schutz, B.},
  isbn={9781139479004},
  url={https://books.google.com.mx/books?id=GgRRt7AbdwQC},
  year={2009},
  publisher={Cambridge University Press},
  note = {{ISBN:} 978-0521887052}
}
